<collection xmlns="http://www.loc.gov/MARC21/slim">
<record>
  <leader>01819cam a2200421 a 4500</leader>
  <controlfield tag="001">2579264</controlfield>
  <controlfield tag="003">CaMWOCL</controlfield>
  <controlfield tag="005">20020212133445.0</controlfield>
  <controlfield tag="008">920903s1990    abc      b    001 0 ukro </controlfield>
  <datafield tag="010" ind1=" " ind2=" ">
    <subfield code="a">   92210726</subfield>
  </datafield>
  <datafield tag="016" ind1=" " ind2=" ">
    <subfield code="a">960211705</subfield>
  </datafield>
  <datafield tag="035" ind1=" " ind2=" ">
    <subfield code="a">ocm27898250</subfield>
  </datafield>
  <datafield tag="040" ind1=" " ind2=" ">
    <subfield code="a">DLC</subfield>
    <subfield code="b">eng</subfield>
    <subfield code="c">DLC</subfield>
    <subfield code="d">NLC</subfield>
    <subfield code="d">OCL</subfield>
    <subfield code="d">AEU</subfield>
  </datafield>
  <datafield tag="041" ind1="0" ind2=" ">
    <subfield code="a">ukr</subfield>
    <subfield code="b">eng</subfield>
  </datafield>
  <datafield tag="043" ind1=" " ind2=" ">
    <subfield code="a">e-ur-un</subfield>
  </datafield>
  <datafield tag="050" ind1="0" ind2="0">
    <subfield code="a">Z2519.6</subfield>
    <subfield code="b">.P45 1990</subfield>
    <subfield code="a">DK508.12</subfield>
  </datafield>
  <datafield tag="055" ind1=" " ind2="1">
    <subfield code="a">Z2519.6</subfield>
  </datafield>
  <datafield tag="082" ind1="0" ind2=" ">
    <subfield code="a">016.947/71</subfield>
    <subfield code="2">20</subfield>
  </datafield>
  <datafield tag="090" ind1=" " ind2=" ">
    <subfield code="a">DK 608.12 Z9 P45 1990</subfield>
    <subfield code="b">AEU</subfield>
  </datafield>
  <datafield tag="100" ind1="1" ind2=" ">
    <subfield code="a">Pelensʹkyĭ, I͡Evhen I͡U.</subfield>
    <subfield code="q">(I͡Evhen I͡Uliĭ),</subfield>
    <subfield code="d">1908-1956.</subfield>
  </datafield>
  <datafield tag="240" ind1="1" ind2="0">
    <subfield code="a">Bibliohrafii͡a ukraïnsʹkoï bibliohrafiï</subfield>
  </datafield>
  <datafield tag="245" ind1="1" ind2="0">
    <subfield code="a">Bibliohrafii͡a ukraïnsʹkoï bibliohrafiï ;</subfield>
    <subfield code="b">Ucrainica v zakhidno-evropeĭsʹkykh movakh : vybrana bibliohrafii͡a /</subfield>
    <subfield code="c">I͡Evhen I͡Uliĭ Pelensʹkyĭ.</subfield>
  </datafield>
  <datafield tag="260" ind1=" " ind2=" ">
    <subfield code="a">Edmonton, Alʹberta :</subfield>
    <subfield code="b">Vyd-vo Kanadsʹkoho in-tu ukr. studiĭ, Alʹbertsʹkyĭ universytet,</subfield>
    <subfield code="c">1990.</subfield>
  </datafield>
  <datafield tag="300" ind1=" " ind2=" ">
    <subfield code="a">198 columns, 111 p. ;</subfield>
    <subfield code="c">28 cm.</subfield>
  </datafield>
  <datafield tag="336" ind1=" " ind2=" ">
    <subfield code="a">text</subfield>
    <subfield code="b">txt</subfield>
    <subfield code="2">rdacontent</subfield>
  </datafield>
  <datafield tag="337" ind1=" " ind2=" ">
    <subfield code="a">unmediated</subfield>
    <subfield code="b">n</subfield>
    <subfield code="2">rdamedia</subfield>
  </datafield>
  <datafield tag="338" ind1=" " ind2=" ">
    <subfield code="a">volume</subfield>
    <subfield code="b">nc</subfield>
    <subfield code="2">rdacarrier</subfield>
  </datafield>
  <datafield tag="490" ind1="1" ind2=" ">
    <subfield code="a">Serii͡a dovidnykiv ;</subfield>
    <subfield code="v">dovidnyk no. 40</subfield>
  </datafield>
  <datafield tag="500" ind1=" " ind2=" ">
    <subfield code="a">Titles on added t.p.: Bibliography of Ukrainian bibliographies ; Ucrainica in West European languages.</subfield>
  </datafield>
  <datafield tag="500" ind1=" " ind2=" ">
    <subfield code="a">&quot;This reprint volume contains two separate works originally published in 1934 and 1948&quot;--Intro.</subfield>
  </datafield>
  <datafield tag="500" ind1=" " ind2=" ">
    <subfield code="a">Includes index.</subfield>
  </datafield>
  <datafield tag="596" ind1=" " ind2=" ">
    <subfield code="a">43</subfield>
  </datafield>
  <datafield tag="651" ind1=" " ind2="0">
    <subfield code="a">Ukraine</subfield>
    <subfield code="v">Bibliography of bibliographies.</subfield>
  </datafield>
  <datafield tag="700" ind1="1" ind2="2">
    <subfield code="a">Pelensʹkyĭ, I͡Evhen I͡U.</subfield>
    <subfield code="q">(I͡Evhen I͡Uliĭ),</subfield>
    <subfield code="d">1908-1956.</subfield>
    <subfield code="t">Ucrainica v zakhidno-evporeĭsʹkykh movakh.</subfield>
  </datafield>
  <datafield tag="740" ind1="0" ind2=" ">
    <subfield code="a">Bibliography of Ukrainian bibliographies.</subfield>
  </datafield>
  <datafield tag="740" ind1="0" ind2=" ">
    <subfield code="a">Ucrainica in West European languages.</subfield>
  </datafield>
  <datafield tag="830" ind1=" " ind2="0">
    <subfield code="a">Occasional research reports ;</subfield>
    <subfield code="v">research rept. no. 40.</subfield>
  </datafield>
  <datafield tag="926" ind1=" " ind2=" ">
    <subfield code="a">UAHSS</subfield>
    <subfield code="b">ON_SHELF</subfield>
    <subfield code="c">DK 608.12 Z9 P45 1990</subfield>
    <subfield code="d">BOOK</subfield>
    <subfield code="f">1</subfield>
  </datafield>
</record>
</collection>
